
@Misc{ocaml,
  title = 	 {{Objective Caml}},
  note = 	 {\url{http://ocaml.inria.fr/}}}

@inproceedings{mapreduce,
  author    = {Jeffrey Dean and
               Sanjay Ghemawat},
  title     = {MapReduce: Simplified Data Processing on Large Clusters},
  booktitle = {OSDI},
  year      = {2004},
  pages     = {137-150},
  ee        = {http://www.usenix.org/events/osdi04/tech/dean.html},
  bibsource = {DBLP, http://dblp.uni-trier.de}
}

@inproceedings{parallel-haskell,
  author    = {Simon L. Peyton Jones and
               Roman Leshchinskiy and
               Gabriele Keller and
               Manuel M. T. Chakravarty},
  title     = {Harnessing the Multicores: Nested Data Parallelism in Haskell},
  booktitle = {FSTTCS},
  year      = {2008},
  pages     = {383-414},
  ee        = {http://dx.doi.org/10.4230/LIPIcs.FSTTCS.2008.1769},
  crossref  = {DBLP:conf/fsttcs/2008},
  bibsource = {DBLP, http://dblp.uni-trier.de}
}

@proceedings{DBLP:conf/fsttcs/2008,
  editor    = {Ramesh Hariharan and
               Madhavan Mukund and
               V. Vinay},
  title     = {IARCS Annual Conference on Foundations of Software Technology
               and Theoretical Computer Science, FSTTCS 2008, December
               9-11, 2008, Bangalore, India},
  booktitle = {FSTTCS},
  publisher = {Schloss Dagstuhl - Leibniz-Zentrum fuer Informatik},
  series    = {LIPIcs},
  volume    = {2},
  year      = {2008},
  bibsource = {DBLP, http://dblp.uni-trier.de}
}

