
@Misc{ocaml,
  title = 	 {{Objective Caml}},
  note = 	 {\url{http://ocaml.inria.fr/}}}

@Misc{camlp3l,
  title = 	 {{CamlP3l}},
  note = 	 {\url{http://camlp3l.inria.fr/}}}

@Misc{plasma,
  title = 	 {{Plasma}},
  note = 	 {\url{http://plasma.camlcity.org/plasma}}}



@inproceedings{mapreduce,
  author    = {Jeffrey Dean and
               Sanjay Ghemawat},
  title     = {{MapReduce: Simplified Data Processing on Large Clusters}},
  booktitle = {OSDI},
  year      = {2004},
  pages     = {137-150},
  ee        = {http://www.usenix.org/events/osdi04/tech/dean.html},
  bibsource = {DBLP, http://dblp.uni-trier.de}
}

@inproceedings{parallel-haskell,
  author    = {Simon L. Peyton Jones and
               Roman Leshchinskiy and
               Gabriele Keller and
               Manuel M. T. Chakravarty},
  title     = {{Harnessing the Multicores: Nested Data Parallelism in Haskell}},
  booktitle = {FSTTCS},
  year      = {2008},
  pages     = {383-414},
  ee        = {http://dx.doi.org/10.4230/LIPIcs.FSTTCS.2008.1769},
  crossref  = {DBLP:conf/fsttcs/2008},
  bibsource = {DBLP, http://dblp.uni-trier.de}
}

@proceedings{DBLP:conf/fsttcs/2008,
  editor    = {Ramesh Hariharan and
               Madhavan Mukund and
               V. Vinay},
  title     = {IARCS Annual Conference on Foundations of Software Technology
               and Theoretical Computer Science, FSTTCS 2008, December
               9-11, 2008, Bangalore, India},
  booktitle = {FSTTCS},
  publisher = {Schloss Dagstuhl - Leibniz-Zentrum fuer Informatik},
  series    = {LIPIcs},
  volume    = {2},
  year      = {2008},
  bibsource = {DBLP, http://dblp.uni-trier.de}
}

@inproceedings{filliatre07cav,
  author = {Jean-Christophe Filli\^atre and Claude March\'e},
  title = {{The {Why/Krakatoa/Caduceus} Platform for Deductive Program
  Verification}},
  crossref = {cav07},
  pages = {173--177},
  topics = {team, lri},
  type_digiteo = {conf_isbn},
  type_publi = {icolcomlec},
  x-pdf = {http://www.lri.fr/~filliatr/ftp/publis/cav07.pdf},
  x-equipes = {demons PROVAL EXT},
  x-type = {articlecourt},
  x-support = {actes},
  x-cle-support = {CAV}
}

@proceedings{cav07,
  editor = {Werner Damm and Holger Hermanns},
  title = {Computer Aided Verification},
  booktitle = {19th International Conference on Computer Aided Verification},
  publisher = {Springer},
  series = {Lecture Notes in Computer Science},
  volume = 4590,
  address = {Berlin, Germany},
  month = jul,
  year = {2007}
}

@Misc{jocaml,
  title = 	 {{The \textsf{Jo\&Caml} Language}},
  author = {Louis Mandel and Luc Maranget},
  year = 2008,
  note = 	 {\url{http://jocaml.inria.fr/}}
}

@Misc{ocamlMPI,
  author = 	 {Xavier Leroy},
  title = 	 {{OCamlMPI: Interface with the MPI Message-passing Interface}},
  note = 	 {\url{http://pauillac.inria.fr/~xleroy/software.html}}
}

@Misc{poor-man-mapreduce,
  author = 	 {Yoann Padioleau},
  title = 	 {{A poor's man MapReduce for OCaml}},
  year = 	 2009,
  note = 	 {\url{http://www.padator.org/ocaml/mapreduce.pdf}}
}

@Misc{disco,
  title = 	 {{The Disco Project}},
  year = 	 2009,
  note = 	 {\url{http://discoproject.org/}}
}


@Misc{erlang,
  title = 	 {{The Erlang Programming Language}},
  note = 	 {\url{http://www.erlang.org/}}
}

@inproceedings{mandel2008,
  author = {Louis Mandel and Luc Maranget},
  title = {Programming in {JoCaml} (Tool Demonstration)},
  booktitle = {17th European Symposium on Programming ({ESOP 2008})},
  year = 2008,
  month = apr,
  address = {Budapest, Hungary},
  pages = {108--111},
  url = {MandelMaranget-ESOP-2008.pdf}
}

@Misc{GMP,
  title = 	 {{The GNU Multiple Precision Arithmetic Library}},
  note = 	 {\url{http://gmplib.org/}}}

@Misc{PASCO,
  title = 	 {{Parallel Symbolic Computation 2010 (PASCO)}},
  year = 	 2010,
  note = 	 {\url{http://pasco2010.imag.fr/}}}

@inproceedings{ocamlviz,
  author = {Conchon, Sylvain and Filli\^atre, Jean-Christophe 
 and Le Fessant, Fabrice and Robert, Julien and Von Tokarski, Guillaume},
  title = {{Observation temps-réel de programmes Caml}},
  topics = {team, lri},
  type_publi = {colcomlec},
  x-equipes = {demons PROVAL},
  x-type = {article},
  x-support = {actes_aux},
  x-cle-support = {JFLA},
  year = 2010,
  booktitle = {Vingt-et-uni\`emes Journ\'ees Francophones des Langages Applicatifs},
  month = jan,
  address = {Vieux-Port La Ciotat, France},
  publisher = {INRIA},
  abstract = "  Pour mettre au point un programme, tant du point de vue de sa
  correction que de ses performances, il est naturel de chercher à
  observer son exécution. On peut ainsi chercher à observer la gestion
  de la mémoire, le temps passé dans une certaine partie du code, ou
  encore certaines valeurs calculées par le programme.  De nombreux
  outils permettent de telles observations (moniteur système,
  \emph{profiler} ou \emph{debugger} génériques ou spécifiques au
  langage, instrumentation explicite du code, etc.).  Ces outils ne
  proposent cependant que des analyses << après coup >> ou des
  observations très limitées.  Cet article présente \ocamlviz, une
  bibliothèque pour instrumenter du code \ocaml\ et des outils pour
  visualiser ensuite son exécution, en temps-réel et de manière
  distante."
}

@inproceedings{HashCaml,
 author = {Billings, John and Sewell, Peter and Shinwell, Mark and Strni\v{s}a, Rok},
 title = {Type-safe distributed programming for OCaml},
 booktitle = {Proceedings of the 2006 workshop on ML},
 series = {ML '06},
 year = {2006},
 isbn = {1-59593-483-9},
 location = {Portland, Oregon, USA},
 pages = {20--31},
 numpages = {12},
 url = {http://doi.acm.org/10.1145/1159876.1159881},
 doi = {http://doi.acm.org/10.1145/1159876.1159881},
 acmid = {1159881},
 publisher = {ACM},
 address = {New York, NY, USA},
 keywords = {HashCaml, objective Caml, type-safe marshalling},
} 

@inproceedings{ML5,
 author = {Murphy,VII., Tom and Crary, Karl and Harper, Robert},
 title = {Type-safe distributed programming with ML5},
 booktitle = {Proceedings of the 3rd conference on Trustworthy global computing},
 series = {TGC'07},
 year = {2008},
 isbn = {3-540-78662-7, 978-3-540-78662-7},
 location = {Sophia-Antipolis, France},
 pages = {108--123},
 numpages = {16},
 url = {http://portal.acm.org/citation.cfm?id=1793574.1793585},
 acmid = {1793585},
 publisher = {Springer-Verlag},
 address = {Berlin, Heidelberg},
} 

@inproceedings{Leifer:2003,
 author = {Leifer, James J. and Peskine, Gilles and Sewell, Peter and Wansbrough, Keith},
 title = {Global abstraction-safe marshalling with hash types},
 booktitle = {Proceedings of the eighth ACM SIGPLAN international conference on Functional programming},
 series = {ICFP '03},
 year = 2003,
 isbn = {1-58113-756-7},
 location = {Uppsala, Sweden},
 pages = {87--98},
 numpages = 12,
 url = {http://doi.acm.org/10.1145/944705.944714},
 doi = {http://doi.acm.org/10.1145/944705.944714},
 acmid = 944714,
 publisher = {ACM},
 address = {New York, NY, USA},
 keywords = {ML, abstract types, distributed programming, hashing, lambda calculus, marshalling, modules, programming languages, serialisation, singleton kinds, type theory},
} 

@inproceedings{GdH,
 author = {Pointon, Robert F. and Trinder, Philip W. and Loidl, Hans-Wolfgang},
 title = {The Design and Implementation of Glasgow Distributed Haskell},
 booktitle = {Selected Papers from the 12th International Workshop on Implementation of Functional Languages},
 series = {IFL '00},
 year = {2001},
 isbn = {3-540-41919-5},
 pages = {53--70},
 numpages = {18},
 address = {London, UK},
} 

@inproceedings{iTask,
 author = {Jansen, Jan Martin and Plasmeijer, Rinus and Koopman, Pieter and Achten, Peter},
 title = {Embedding a web-based workflow management system in a functional language},
 booktitle = {Proceedings of the Tenth Workshop on Language Descriptions, Tools and Applications},
 series = {LDTA '10},
 year = {2010},
 isbn = {978-1-4503-0063-6},
 location = {Paphos, Cyprus},
 pages = {7:1--7:8},
 publisher = {ACM},
 address = {New York, NY, USA},
} 

